[gd_scene load_steps=23 format=2]

[ext_resource path="res://Assets/Tiles/Tile (3).png" type="Texture" id=1]
[ext_resource path="res://Assets/Tiles/Tile (9).png" type="Texture" id=2]
[ext_resource path="res://Assets/Tiles/Tile (12).png" type="Texture" id=3]
[ext_resource path="res://Assets/Tiles/Tile (2).png" type="Texture" id=4]
[ext_resource path="res://Assets/Tiles/Tile (13).png" type="Texture" id=5]
[ext_resource path="res://Assets/Tiles/mainlev_build.png" type="Texture" id=6]
[ext_resource path="res://Assets/Tiles/Tile (1).png" type="Texture" id=7]
[ext_resource path="res://Scenes/Skeleton2.tscn" type="PackedScene" id=8]
[ext_resource path="res://Scenes/Player.tscn" type="PackedScene" id=9]
[ext_resource path="res://Scenes/HUD.tscn" type="PackedScene" id=10]
[ext_resource path="res://Scenes/Scripts/NextLevel1.gd" type="Script" id=11]

[sub_resource type="RectangleShape2D" id=9]
extents = Vector2( 44.3138, 109.747 )

[sub_resource type="ConvexPolygonShape2D" id=10]
points = PoolVector2Array( 0, 12.574, 32, 12.574, 32, 45, 0, 45 )

[sub_resource type="ConvexPolygonShape2D" id=11]
points = PoolVector2Array( 0, 0, 128, 0, 128, 128, 0, 128 )

[sub_resource type="ConvexPolygonShape2D" id=12]
points = PoolVector2Array( 0, 0, 128, 0, 128, 128, 0, 128 )

[sub_resource type="ConvexPolygonShape2D" id=13]
points = PoolVector2Array( 0, 0, 128, 0, 128, 128, 0, 128 )

[sub_resource type="ConvexPolygonShape2D" id=14]
points = PoolVector2Array( 0, 0, 128, 0, 128, 128, 0, 128 )

[sub_resource type="ConvexPolygonShape2D" id=15]
points = PoolVector2Array( 0, 0, 128, 0, 128, 128, 0, 128 )

[sub_resource type="ConvexPolygonShape2D" id=16]
points = PoolVector2Array( 0, 0, 128, 0, 128, 128, 0, 128 )

[sub_resource type="TileSet" id=17]
0/name = "mainlev_build.png 0"
0/texture = ExtResource( 6 )
0/tex_offset = Vector2( 0, 0 )
0/modulate = Color( 1, 1, 1, 1 )
0/region = Rect2( 208, 626, 32, 45 )
0/tile_mode = 0
0/occluder_offset = Vector2( 0, 0 )
0/navigation_offset = Vector2( 0, 0 )
0/shape_offset = Vector2( 0, 0 )
0/shape_transform = Transform2D( 1, 0, 0, 1, 0, 0 )
0/shape = SubResource( 10 )
0/shape_one_way = false
0/shape_one_way_margin = 1.0
0/shapes = [ {
"autotile_coord": Vector2( 0, 0 ),
"one_way": false,
"one_way_margin": 1.0,
"shape": SubResource( 10 ),
"shape_transform": Transform2D( 1, 0, 0, 1, 0, 0 )
} ]
0/z_index = 0
1/name = "Tile (1).png 1"
1/texture = ExtResource( 7 )
1/tex_offset = Vector2( 0, 0 )
1/modulate = Color( 1, 1, 1, 1 )
1/region = Rect2( 0, 0, 128, 128 )
1/tile_mode = 0
1/occluder_offset = Vector2( 0, 0 )
1/navigation_offset = Vector2( 0, 0 )
1/shape_offset = Vector2( 0, 0 )
1/shape_transform = Transform2D( 1, 0, 0, 1, 0, 0 )
1/shape = SubResource( 11 )
1/shape_one_way = false
1/shape_one_way_margin = 1.0
1/shapes = [ {
"autotile_coord": Vector2( 0, 0 ),
"one_way": false,
"one_way_margin": 1.0,
"shape": SubResource( 11 ),
"shape_transform": Transform2D( 1, 0, 0, 1, 0, 0 )
} ]
1/z_index = 0
2/name = "Tile (2).png 2"
2/texture = ExtResource( 4 )
2/tex_offset = Vector2( 0, 0 )
2/modulate = Color( 1, 1, 1, 1 )
2/region = Rect2( 0, 0, 128, 128 )
2/tile_mode = 0
2/occluder_offset = Vector2( 0, 0 )
2/navigation_offset = Vector2( 0, 0 )
2/shape_offset = Vector2( 0, 0 )
2/shape_transform = Transform2D( 1, 0, 0, 1, 0, 0 )
2/shape = SubResource( 12 )
2/shape_one_way = false
2/shape_one_way_margin = 1.0
2/shapes = [ {
"autotile_coord": Vector2( 0, 0 ),
"one_way": false,
"one_way_margin": 1.0,
"shape": SubResource( 12 ),
"shape_transform": Transform2D( 1, 0, 0, 1, 0, 0 )
} ]
2/z_index = 0
3/name = "Tile (3).png 3"
3/texture = ExtResource( 1 )
3/tex_offset = Vector2( 0, 0 )
3/modulate = Color( 1, 1, 1, 1 )
3/region = Rect2( 0, 0, 128, 128 )
3/tile_mode = 0
3/occluder_offset = Vector2( 0, 0 )
3/navigation_offset = Vector2( 0, 0 )
3/shape_offset = Vector2( 0, 0 )
3/shape_transform = Transform2D( 1, 0, 0, 1, 0, 0 )
3/shape = SubResource( 13 )
3/shape_one_way = false
3/shape_one_way_margin = 1.0
3/shapes = [ {
"autotile_coord": Vector2( 0, 0 ),
"one_way": false,
"one_way_margin": 1.0,
"shape": SubResource( 13 ),
"shape_transform": Transform2D( 1, 0, 0, 1, 0, 0 )
} ]
3/z_index = 0
4/name = "Tile (9).png 4"
4/texture = ExtResource( 2 )
4/tex_offset = Vector2( 0, 0 )
4/modulate = Color( 1, 1, 1, 1 )
4/region = Rect2( 0, 0, 128, 128 )
4/tile_mode = 0
4/occluder_offset = Vector2( 0, 0 )
4/navigation_offset = Vector2( 0, 0 )
4/shape_offset = Vector2( 0, 0 )
4/shape_transform = Transform2D( 1, 0, 0, 1, 0, 0 )
4/shape = SubResource( 14 )
4/shape_one_way = false
4/shape_one_way_margin = 1.0
4/shapes = [ {
"autotile_coord": Vector2( 0, 0 ),
"one_way": false,
"one_way_margin": 1.0,
"shape": SubResource( 14 ),
"shape_transform": Transform2D( 1, 0, 0, 1, 0, 0 )
} ]
4/z_index = 0
5/name = "Tile (12).png 5"
5/texture = ExtResource( 3 )
5/tex_offset = Vector2( 0, 0 )
5/modulate = Color( 1, 1, 1, 1 )
5/region = Rect2( 0, 0, 128, 128 )
5/tile_mode = 0
5/occluder_offset = Vector2( 0, 0 )
5/navigation_offset = Vector2( 0, 0 )
5/shape_offset = Vector2( 0, 0 )
5/shape_transform = Transform2D( 1, 0, 0, 1, 0, 0 )
5/shape = SubResource( 15 )
5/shape_one_way = false
5/shape_one_way_margin = 1.0
5/shapes = [ {
"autotile_coord": Vector2( 0, 0 ),
"one_way": false,
"one_way_margin": 1.0,
"shape": SubResource( 15 ),
"shape_transform": Transform2D( 1, 0, 0, 1, 0, 0 )
} ]
5/z_index = 0
6/name = "Tile (13).png 6"
6/texture = ExtResource( 5 )
6/tex_offset = Vector2( 0, 0 )
6/modulate = Color( 1, 1, 1, 1 )
6/region = Rect2( 0, 0, 128, 128 )
6/tile_mode = 0
6/occluder_offset = Vector2( 0, 0 )
6/navigation_offset = Vector2( 0, 0 )
6/shape_offset = Vector2( 0, 0 )
6/shape_transform = Transform2D( 1, 0, 0, 1, 0, 0 )
6/shape = SubResource( 16 )
6/shape_one_way = false
6/shape_one_way_margin = 1.0
6/shapes = [ {
"autotile_coord": Vector2( 0, 0 ),
"one_way": false,
"one_way_margin": 1.0,
"shape": SubResource( 16 ),
"shape_transform": Transform2D( 1, 0, 0, 1, 0, 0 )
} ]
6/z_index = 0

[sub_resource type="RectangleShape2D" id=18]
extents = Vector2( 66.8524, 86.0703 )

[sub_resource type="RectangleShape2D" id=19]
extents = Vector2( 2032.63, 10 )

[node name="Level 2" type="Node2D"]

[node name="Player" parent="." instance=ExtResource( 9 )]
position = Vector2( 84, 454 )
scale = Vector2( 2.5, 2.5 )

[node name="Camera2D2" type="Camera2D" parent="Player"]
offset = Vector2( 0, -100 )
current = true

[node name="Skeleton2" parent="." instance=ExtResource( 8 )]
position = Vector2( 984, 432 )
scale = Vector2( 3, 3 )

[node name="StaticBody2D2" type="StaticBody2D" parent="."]
position = Vector2( 133.51, 396.629 )
collision_layer = 16
collision_mask = 0

[node name="TEST COLLISION" type="CollisionShape2D" parent="StaticBody2D2"]
shape = SubResource( 9 )

[node name="StaticBody2D" type="StaticBody2D" parent="."]
position = Vector2( 1156.23, 396.2 )
collision_layer = 16
collision_mask = 0

[node name="TEST COLLISION" type="CollisionShape2D" parent="StaticBody2D"]
shape = SubResource( 9 )

[node name="HUD" parent="." instance=ExtResource( 10 )]

[node name="TileMap" type="TileMap" parent="."]
tile_set = SubResource( 17 )
cell_size = Vector2( 128, 128 )
format = 1
tile_data = PoolIntArray( 262144, 1, 0, 262145, 2, 0, 262146, 2, 0, 262147, 2, 0, 262148, 2, 0, 262149, 2, 0, 262150, 2, 0, 262151, 2, 0, 262152, 2, 0, 262153, 3, 0, 262155, 1, 0, 262156, 2, 0, 262157, 3, 0, 327680, 5, 0, 327681, 4, 0, 327682, 4, 0, 327683, 4, 0, 327684, 4, 0, 327685, 4, 0, 327686, 4, 0, 327687, 4, 0, 327688, 4, 0, 327689, 6, 0, 327691, 5, 0, 327692, 4, 0, 327693, 6, 0 )

[node name="NextLevel2" type="Area2D" parent="."]
position = Vector2( 1600.19, 421.024 )
script = ExtResource( 11 )

[node name="CollisionShape2D" type="CollisionShape2D" parent="NextLevel2"]
shape = SubResource( 18 )

[node name="Area2D" type="Area2D" parent="."]
position = Vector2( 712.748, 968.41 )
collision_layer = 7
collision_mask = 7

[node name="CollisionShape2D" type="CollisionShape2D" parent="Area2D"]
shape = SubResource( 19 )

[connection signal="body_entered" from="NextLevel2" to="NextLevel2" method="_on_NextLevel2_body_entered"]
[connection signal="body_entered" from="Area2D" to="NextLevel2" method="_on_Area2D_body_entered"]
